@book{clarke2018,
    title={Model checking},
    author={Clarke Jr, Edmund M and Grumberg, Orna and Kroening, Daniel and Peled, Doron and Veith, Helmut},
    year={2018},
    publisher={MIT press}
}
